@ARTICLE{DaviesCotton,
   author = {{Davies}, J.~M. and {Cotton}, E.~S.},
    title = "{Design of the quartermaster solar furnace}",
  journal = {Solar Energy},
     year = 1957,
    month = apr,
   volume = 1,
    pages = {16-22},
      doi = {10.1016/0038-092X(57)90116-0},
   adsurl = {http://adsabs.harvard.edu/abs/1957SoEn....1...16D},
  adsnote = {Provided by the SAO/NASA Astrophysics Data System}
}
@inproceedings{Heck:2000nv,
      author         = "Heck, D.",
      title          = "{Extensive air shower simulations with CORSIKA and the
                        influence of highenergy hadronic interaction models}",
      booktitle      = {From $e^+ e^-$ to Heavy Ion Collisions: Proceedings of
                        the 30th International Symposium on Multiparticle Dynamics
                        (ISMD 2000), Tihany, Hungary, October 9-15, 2000},
      collaboration  = "KASCADE",
      year           = "2000",
      pages          = "252-259",
      eprint         = "astro-ph/0103073",
      archivePrefix  = "arXiv",
      primaryClass   = "astro-ph",
      SLACcitation   = "%%CITATION = ASTRO-PH/0103073;%%"
}
@ARTICLE{Gamma_Hadron_Sep,
       author = {{V{\"o}lk}, Heinrich J. and {Bernl{\"o}hr}, Konrad},
        title = "{Imaging very high energy gamma-ray telescopes}",
      journal = {Experimental Astronomy},
     keywords = {Astrophysics},
         year = "2009",
        month = "Aug",
       volume = {25},
        pages = {173-191},
          doi = {10.1007/s10686-009-9151-z},
archivePrefix = {arXiv},
       eprint = {0812.4198},
 primaryClass = {astro-ph},
       adsurl = {https://ui.adsabs.harvard.edu/\#abs/2009ExA....25..173V},
      adsnote = {Provided by the SAO/NASA Astrophysics Data System}
}
@article{Vincent:2015bnj,
      author         = "Vincent, Stephane",
      title          = "{A Monte Carlo template-based analysis for very high
                        definition imaging atmospheric Cherenkov telescopes as
                        applied to the VERITAS telescope array}",
      booktitle      = "{Proceedings, 34th International Cosmic Ray Conference
                        (ICRC 2015): The Hague, The Netherlands, July 30-August 6,
                        2015}",
      collaboration  = "VERITAS",
      journal        = "PoS",
      volume         = "ICRC2015",
      year           = "2016",
      pages          = "844",
      doi            = "10.22323/1.236.0844",
      eprint         = "1509.01980",
      archivePrefix  = "arXiv",
      primaryClass   = "astro-ph.IM",
      SLACcitation   = "%%CITATION = ARXIV:1509.01980;%%"
}
@ARTICLE{EAS_2018,
       author = {{Mollerach}, S. and {Roulet}, E.},
        title = "{Progress in high-energy cosmic ray physics}",
      journal = {Progress in Particle and Nuclear Physics},
     keywords = {Cosmic rays, Air showers, Spectrum, Composition, Arrival directions, Astrophysics - High Energy Astrophysical Phenomena, High Energy Physics - Phenomenology},
         year = "2018",
        month = "Jan",
       volume = {98},
        pages = {85-118},
          doi = {10.1016/j.ppnp.2017.10.002},
archivePrefix = {arXiv},
       eprint = {1710.11155},
 primaryClass = {astro-ph.HE},
       adsurl = {https://ui.adsabs.harvard.edu/\#abs/2018PrPNP..98...85M},
      adsnote = {Provided by the SAO/NASA Astrophysics Data System}
}
@article{antonelli2009,
  title="{The Next Generation of Cherenkov Telescopes. A White Paper for the Italian National Institute for Astrophysics (INAF)}",
  author={Antonelli, LA et. al. },
  journal={arXiv preprint arXiv:0906.4114},
  year={2009}
}
@inproceedings{Kieda:2013wom,
      author         = "Kieda, Dave B.",
      title          = "{The Gamma Ray Detection sensitivity of the upgraded
                        VERITAS Observatory}",
      booktitle      = "{Proceedings, 33rd International Cosmic Ray Conference
                        (ICRC2013): Rio de Janeiro, Brazil, July 2-9, 2013}",
      collaboration  = "VERITAS",
      url            = "http://www.cbpf.br/%7Eicrc2013/papers/icrc2013-0700.pdf",
      year           = "2013",
      pages          = "0700",
      eprint         = "1308.4849",
      archivePrefix  = "arXiv",
      primaryClass   = "astro-ph.IM",
      SLACcitation   = "%%CITATION = ARXIV:1308.4849;%%"
}
@misc{magic_web,
title={{MAGIC website}},
howpublished={\url{https://magic.mpp.mpg.de/}},
journal={{MAGIC - Major Atmospheric Gamma Imaging Cherenkov}}, author={{MAGIC collaboration}}
}
@misc{hess_web,
title={{H.E.S.S. website}},
howpublished={\url{https://www.mpi-hd.mpg.de/hfm/HESS/pages/home/som/2005/10/}},
journal={{H.E.S.S. - The High Energy Stereoscopic System}}, author={{HESS collaboration}}
}
@misc{cta_web,
title={{C.T.A. website}},
howpublished={\url{https://www.cta-observatory.org/science/gamma-rays-cosmic-sources/}},
journal={{C.T.A - The Cherenkov Telescope Array}}, author={{CTA collaboration}}
}
@ARTICLE{IACTs_1980,
       author = {{Antonelli}, L.~A. et. al.},
        title = "{The Next Generation of Cherenkov Telescopes. A White Paper for the Italian National Institute for Astrophysics (INAF)}",
      journal = {arXiv e-prints},
     keywords = {Astrophysics - Instrumentation and Methods for Astrophysics},
         year = "2009",
        month = "Jun",
          eid = {arXiv:0906.4114},
        pages = {arXiv:0906.4114},
archivePrefix = {arXiv},
       eprint = {0906.4114},
 primaryClass = {astro-ph.IM},
       adsurl = {https://ui.adsabs.harvard.edu/abs/2009arXiv0906.4114A},
      adsnote = {Provided by the SAO/NASA Astrophysics Data System}
}

@article{Weekes:1997np,
      author         = "Weekes, T. C. and others",
      title          = "{VERITAS: Very energetic radiation imaging telescope
                        array system}",
      booktitle      = "{Towards a major atmospheric Cherenkov detector.
                        Proceedings, 6th Workshop on GeV-TeV gamma-ray
                        astrophysics, Snowbird 1999, USA, August 13-16, 1999}",
      journal        = "AIP Conf. Proc.",
      volume         = "515",
      year           = "2000",
      number         = "1",
      pages          = "515",
      doi            = "10.1063/1.1291418",
      note           = "[5,173(2000)]",
      eprint         = "astro-ph/9706143",
      archivePrefix  = "arXiv",
      primaryClass   = "astro-ph",
      SLACcitation   = "%%CITATION = ASTRO-PH/9706143;%%"
}
@misc{veritas_web,
title={{VERITAS website}},
howpublished={\url{https://veritas.sao.arizona.edu/}},
author={{VERITAS collaboration}}
}
@misc{veritas_specs,
title={{VERITAS website, specifications page}},
howpublished={\url{https://veritas.sao.arizona.edu/about-veritas-mainmenu-81/veritas-specifications-mainmenu-111}},
author={{VERITAS collaboration}}
}
@misc{root_web,
title={{CERN ROOT website}},
howpublished={\url{https://root.cern.ch/}},
author={{CERN collaboration}}
}
@misc{tmva_web,
title={{CERN ROOT website, TMVA page}},
howpublished={\url{https://root.cern.ch/tmva}},
author={{CERN collaboration}}
}
@ARTICLE{mrk421,
       author = {{Punch}, M. et. al.},
        title = "{Detection of TeV photons from the active galaxy Markarian 421}",
      journal = {Nature},
     keywords = {Active Galaxies, Crab Nebula, Energetic Particles, Markarian Galaxies, Photons, Active Galactic Nuclei, Elliptical Galaxies, Milky Way Galaxy, Space Radiation},
         year = "1992",
        month = "Aug",
       volume = {358},
       number = {6386},
        pages = {477-478},
          doi = {10.1038/358477a0},
       adsurl = {https://ui.adsabs.harvard.edu/abs/1992Natur.358..477P},
      adsnote = {Provided by the SAO/NASA Astrophysics Data System}
}
@ARTICLE{mrk421_index,
   author = {{Albert}, J. et. al.},
    title = "{Observations of Markarian 421 with the MAGIC Telescope}",
  journal = {The Astrophysical Journal},
   eprint = {astro-ph/0603478},
 keywords = {Galaxies: BL Lacertae Objects: Individual: Name: Markarian 421, Gamma Rays: Observations},
     year = 2007,
    month = jul,
   volume = 663,
    pages = {125-138},
      doi = {10.1086/518221},
   adsurl = {https://ui.adsabs.harvard.edu/abs/2007ApJ...663..125A},
  adsnote = {Provided by the SAO/NASA Astrophysics Data System}
}
@ARTICLE{mrk421_flux,
   author = {{Ahnen}, M.~L. et. al.},
    title = "{Long-term multi-wavelength variability and correlation study of Markarian 421 from 2007 to 2009}",
  journal = {Astronomy and Astrophysics},
archivePrefix = "arXiv",
   eprint = {1605.09017},
 keywords = {astroparticle physics, BL Lacertae objects: individual: Markarian 421, radiation mechanisms: non-thermal},
     year = 2016,
    month = sep,
   volume = 593,
      eid = {A91},
    pages = {A91},
      doi = {10.1051/0004-6361/201628447},
   adsurl = {https://ui.adsabs.harvard.edu/abs/2016A%26A...593A..91A},
  adsnote = {Provided by the SAO/NASA Astrophysics Data System}
}
@article{Cogan:2007ez,
      author         = "{Cogan, P.}",
      title          = "{VEGAS, the VERITAS Gamma-ray Analysis Suite}",
      collaboration  = "VERITAS",
      volume         = "3",
      year           = "2007",
      pages          = "1385",
      eprint         = "0709.4233",
      archivePrefix  = "arXiv",
      primaryClass   = "astro-ph",
      SLACcitation   = "%%CITATION = ARXIV:0709.4233;%%"
}
@article{Maier:2017wzr,
      author         = "Maier, Gernot and Holder, Jamie",
      title          = "{Eventdisplay: An Analysis and Reconstruction Package for
                        Ground-based Gamma-ray Astronomy}",
      booktitle      = "{The Fluorescence detector Array of Single-pixel
                        Telescopes: Contributions to the 35th International Cosmic
                        Ray Conference (ICRC 2017)}",
      journal        = "PoS",
      volume         = "ICRC2017",
      year           = "2018",
      pages          = "747",
      doi            = "10.22323/1.301.0747",
      note           = "[35,747(2017)]",
      eprint         = "1708.04048",
      archivePrefix  = "arXiv",
      primaryClass   = "astro-ph.IM",
      SLACcitation   = "%%CITATION = ARXIV:1708.04048;%%"
}
@article{Sinnis_2009,
	doi = {10.1088/1367-2630/11/5/055007},
	url = {https://doi.org/10.1088%2F1367-2630%2F11%2F5%2F055007},
	year = 2009,
	month = {may},
	publisher = {{IOP} Publishing},
	volume = {11},
	number = {5},
	pages = {055007},
	author = {G Sinnis},
	title = {Air shower detectors in gamma-ray astronomy},
	journal = {New Journal of Physics},
	annote = {Extensive air shower (EAS) arrays directly detect the particles in an EAS that reach the observation altitude. This detection technique effectively makes air shower arrays synoptic telescopes—they are capable of simultaneously and continuously viewing the entire overhead sky. Typical air shower detectors have an effective field-of-view of 2 sr and operate nearly 100\% of the time. These two characteristics make them ideal instruments for studying the highest energy gamma rays, extended sources and transient phenomena. Until recently air shower arrays have had insufficient sensitivity to detect gamma-ray sources. Over the past decade, the situation has changed markedly. Milagro, in the US, and the Tibet ASγ array in Tibet, have detected very-high-energy gamma-ray emission from the Crab Nebula and the active galaxy Markarian 421 (both previously known sources). Milagro has discovered TeV diffuse emission from the Milky Way, three unidentified sources of TeV gamma rays, and several candidate sources of TeV gamma rays. Given these successes and the suite of existing and planned instruments in the GeV and TeV regime (AGILE, GLAST, HESS, VERITAS, CTA, AGIS and IceCube) there are strong reasons for pursuing a next generation of EAS detectors. In conjunction with these other instruments the next generation of EAS instruments could answer long-standing problems in astrophysics.}
}
@article{Park:2017uxb,
      author         = "Park, Nahee",
      title          = "{Status of ground based gamma-ray observations}",
      booktitle      = "{The Fluorescence detector Array of Single-pixel
                        Telescopes: Contributions to the 35th International Cosmic
                        Ray Conference (ICRC 2017)}",
      journal        = "PoS",
      volume         = "ICRC2017",
      year           = "2018",
      pages          = "1116",
      doi            = "10.22323/1.301.1116",
      eprint         = "1808.10495",
      archivePrefix  = "arXiv",
      primaryClass   = "astro-ph.HE",
      SLACcitation   = "%%CITATION = ARXIV:1808.10495;%%"
}
@ARTICLE{Krause:2017,
       author = {{Krause}, Maria and {Pueschel}, Elisa and {Maier}, Gernot},
        title = "{Improved {\ensuremath{\gamma}}/hadron separation for the detection of faint {\ensuremath{\gamma}}-ray sources using boosted decision trees}",
      journal = {Astroparticle Physics},
     keywords = {Multivariate analysis, {\ensuremath{\gamma}}-ray astronomy, {\ensuremath{\gamma}}/hadron discrimination, Cherenkov technique, Astrophysics - Instrumentation and Methods for Astrophysics},
         year = "2017",
        month = "Mar",
       volume = {89},
        pages = {1-9},
          doi = {10.1016/j.astropartphys.2017.01.004},
archivePrefix = {arXiv},
       eprint = {1701.06928},
 primaryClass = {astro-ph.IM},
       adsurl = {https://ui.adsabs.harvard.edu/\#abs/2017APh....89....1K},
      adsnote = {Provided by the SAO/NASA Astrophysics Data System}
}
@ARTICLE{deNaurois,
       author = {{de Naurois}, Mathieu and {Rolland}, Lo{\"\i}c},
        title = "{A high performance likelihood reconstruction of {\ensuremath{\gamma}}-rays for imaging atmospheric Cherenkov telescopes}",
      journal = {Astroparticle Physics},
     keywords = {Astrophysics - Instrumentation and Methods for Astrophysics, Astrophysics - High Energy Astrophysical Phenomena},
         year = "2009",
        month = "Dec",
       volume = {32},
        pages = {231-252},
          doi = {10.1016/j.astropartphys.2009.09.001},
archivePrefix = {arXiv},
       eprint = {0907.2610},
 primaryClass = {astro-ph.IM},
       adsurl = {https://ui.adsabs.harvard.edu/\#abs/2009APh....32..231D},
      adsnote = {Provided by the SAO/NASA Astrophysics Data System}
}

@ARTICLE{Hillas:1985,
   author = {{Hillas}, A.~M.},
    title = "{Cerenkov light images of EAS produced by primary gamma}",
  journal = {International Cosmic Ray Conference},
 keywords = {Cerenkov Radiation, Cosmic Ray Showers, Galactic Nuclei, Gamma Rays, Point Sources, Angular Resolution, Azimuth, Focal Plane Devices, Galactic Radiation, Hadrons, Length, Monte Carlo Method, Pulsars, Simulation, Width, X Ray Binaries},
     year = 1985,
    month = aug,
   volume = 3,
   adsurl = {http://adsabs.harvard.edu/abs/1985ICRC....3..445H}, 
  adsnote = {Provided by the SAO/NASA Astrophysics Data System}
}
@ARTICLE{Weekes:1989,
   author = {{Weekes}, T.~C. et. al.},
    title = "{Observation of TeV gamma rays from the Crab nebula using the atmospheric Cerenkov imaging technique}",
  journal = {The Astrophysical Journal},
 keywords = {Cerenkov Counters, Crab Nebula, Gamma Ray Astronomy, Imaging Techniques, Pulsars, Azimuth, Electron Energy, Image Processing, Monte Carlo Method, Periodic Variations, Reflectors, Spectral Energy Distribution},
     year = {1989},
    month = {jul},
   volume = {342},
    pages = {379-395},
      doi = {10.1086/167599},
   adsurl = {http://adsabs.harvard.edu/abs/1989ApJ...342..379W},
  adsnote = {Provided by the SAO/NASA Astrophysics Data System}
}
@article{Cherenkova:2008zz,
      author         = "{Cherenkova, Elena P.}",
      title          = "{The discovery of the Cherenkov radiation}",
      booktitle      = "{Proceedings, 6th International Workshop on Ring Imaging
                        Cherenkov Detectors (RICH 2007): Trieste, Italy, October
                        15-20, 2007}",
      journal        = "{Nucl. Instrum. Meth.}",
      volume         = "{A595}",
      year           = "{2008}",
      pages          = "{8-11}",
      doi            = "10.1016/j.nima.2008.07.006",
      SLACcitation   = "%%CITATION = NUIMA,A595,8;%%"
}
@article{Frank:1937fk,
      author         = "Frank, I. M. and Tamm, I. E.",
      title          = "{Coherent visible radiation of fast electrons passing
                        through matter}",
      journal        = "Compt. Rend. Acad. Sci. URSS",
      volume         = "14",
      year           = "1937",
      number         = "3",
      pages          = "109-114",
      doi            = "10.1007/978-3-642-74626-0_2,
                        10.3367/UFNr.0093.196710o.0388",
      note           = "[Usp. Fiz. Nauk93,no.2,388(1967)]",
      SLACcitation   = "%%CITATION = INSPIRE-45165;%%"
}

@article{DiSciascio:2019ieq,
      author         = "Di Sciascio, Giuseppe",
      title          = "{Ground-based Gamma-Ray Astronomy: an Introduction}",
      booktitle      = "{Proceedings, 18th International Baikal Summer School on
                        Physics of Elementary Particles and Astrophysics:
                        Exploring the Universe through multiple messengers
                        (ISAPP-Baikal 2018): Bolshie Koty, Lake Baikal, Russia,
                        July 12-21, 2018}",
      journal        = "J. Phys. Conf. Ser.",
      volume         = "1263",
      year           = "2019",
      number         = "1",
      pages          = "012003",
      doi            = "10.1088/1742-6596/1263/1/012003",
      eprint         = "1904.06218",
      archivePrefix  = "arXiv",
      primaryClass   = "astro-ph.IM",
      SLACcitation   = "%%CITATION = ARXIV:1904.06218;%%"
}
@article{Hofmann:1999dx,
      author         = "Hofmann, W.",
      title          = "{Data analysis techniques for stereo IACT systems}",
      booktitle      = "{Towards a major atmospheric Cherenkov detector.
                        Proceedings, 6th Workshop on GeV-TeV gamma-ray
                        astrophysics, Snowbird 1999, USA, August 13-16, 1999}",
      journal        = "AIP Conf. Proc.",
      volume         = "515",
      year           = "2000",
      number         = "1",
      pages          = "318-322",
      doi            = "10.1063/1.1291386",
      eprint         = "astro-ph/9910444",
      archivePrefix  = "arXiv",
      primaryClass   = "astro-ph",
      SLACcitation   = "%%CITATION = ASTRO-PH/9910444;%%"
}
@article{LiMa,
   author = {{Li}, T.-P. and {Ma}, Y.-Q.},
    title = {\href{http://articles.adsabs.harvard.edu/cgi-bin/nph-iarticle_query?1983ApJ...272..317L&defaultprint=YES&filetype=.pdf}{Analysis methods for results in gamma-ray astronomy}},
  journal = {The Astrophysical Journal},
 keywords = {Gamma Ray Astronomy, Statistical Analysis, Confidence Limits, Maximum Likelihood Estimates, Monte Carlo Method},
     year = 1983,
    month = "{Sep}",
   volume = {272},
    pages = {317-324},
      doi = {10.1086/161295},
   adsurl = {http://adsabs.harvard.edu/abs/1983ApJ...272..317L},
  adsnote = {Provided by the SAO/NASA Astrophysics Data System}
}
@article{Rolke,
title = "Confidence intervals and upper bounds for small signals in the presence of background noise",
journal = "Nuclear Instruments and Methods in Physics Research Section A: Accelerators, Spectrometers, Detectors and Associated Equipment",
volume = "458",
number = "3",
pages = "745 - 758",
year = "2001",
issn = "0168-9002",
doi = "https://doi.org/10.1016/S0168-9002(00)00935-9",
url = "http://www.sciencedirect.com/science/article/pii/S0168900200009359",
author = "W. A. Rolke and A. M. López",
keywords = "Maximum likelihood, Profile likelihood, Confidence regions, Coverage, Monte Carlo, Sensitivity"
}

@article{Fraschetti:2017bld,
      author = {{Fraschetti, F.} and {Pohl, M.}},
      title = {Two-zone model for the broadband Crab nebula spectrum: microscopic interpretation},
      DOI= "10.1051/epjconf/201713602009",
      url= "https://doi.org/10.1051/epjconf/201713602009",
      journal = {EPJ Web Conf.},
      year = 2017,
      volume = 136,
      pages = "02009",
}
@article{Yeung:energy_extension,
      author         = "Yeung, Paul K. H. and Horns, Dieter",
      title          = "{The Energy-dependent $\gamma$-ray Morphology of the Crab
                        Nebula Observed with the Fermi Large Area Telescope}",
      journal        = "Astrophys. J.",
      volume         = "875",
      year           = "2019",
      number         = "2",
      pages          = "123",
      doi            = "10.3847/1538-4357/ab107a",
      eprint         = "1903.07527",
      archivePrefix  = "arXiv",
      primaryClass   = "astro-ph.HE",
      SLACcitation   = "%%CITATION = ARXIV:1903.07527;%%"
}
@ARTICLE{HESS_Crab_extension,
   author = {{Holler}, M. and {Berge}, D. and {Hahn}, J. and {Khangulyan}, D. and 
	{Parsons}, R.~D. and {H.~E.~S.~S.~Collaboration}},
    title = "{Advanced search for the extension of unresolved TeV sources with H.E.S.S.}",
  journal = {International Cosmic Ray Conference},
archivePrefix = "arXiv",
   eprint = {1707.04196},
 primaryClass = "astro-ph.HE",
     year = 2017,
    month = jan,
   volume = 35,
      eid = {676},
    pages = {676},
   adsurl = {https://ui.adsabs.harvard.edu/abs/2017ICRC...35..676H},
  adsnote = {Provided by the SAO/NASA Astrophysics Data System}
}
@ARTICLE{Fermi_LAT_Crab_extension,
      author         = "Ackermann, M. and others",
      title          = "{The Search for Spatial Extension in High-latitude
                        Sources Detected by the $Fermi$ Large Area Telescope}",
      collaboration  = "Fermi-LAT",
      journal        = "Astrophys. J. Suppl.",
      volume         = "237",
      year           = "2018",
      number         = "2",
      pages          = "32",
      doi            = "10.3847/1538-4365/aacdf7",
      eprint         = "1804.08035",
      archivePrefix  = "arXiv",
      primaryClass   = "astro-ph.HE",
      SLACcitation   = "%%CITATION = ARXIV:1804.08035;%%"
}
